<?xml version="1.0" encoding="UTF-8"?><collection xmlns="http://www.loc.gov/MARC21/slim"><record><leader>00332nam--2200121-i-4500</leader><controlfield tag="001">000042692</controlfield><controlfield tag="002">20161230</controlfield><controlfield tag="005">20161230201043</controlfield><controlfield tag="008">060222s1000------------r-----000-0-eng-d</controlfield><datafield ind1=" " ind2=" " tag="080"><subfield code="a">622</subfield></datafield><datafield ind1=" " ind2=" " tag="245"><subfield code="a">Statia de cercetari pentru securitatea miniera- petrosani</subfield></datafield><datafield ind1=" " ind2=" " tag="260"><subfield code="a">Bucursti, Comb.Poligrafic Casa Scinteii, 1970. 22p</subfield></datafield><datafield ind1=" " ind2=" " tag="852"><subfield code="a">31908</subfield></datafield></record></collection>